@INPROCEEDINGS{7811452,
  author={Naning, H Sofia and Munadi, Rendy and Effendy, Muhammad Zen},
  booktitle={2016 IEEE Asia Pacific Conference on Wireless and Mobile (APWiMob)}, 
  title={SDN controller placement design: For large scale production network}, 
  year={2016},
  volume={},
  number={},
  pages={74-79},
  doi={10.1109/APWiMob.2016.7811452}}
  
@incollection{fan2020controller,
  title={Controller placements for improving flow set-up reliability of software-defined networks},
  author={Fan, Yuqi and Ouyang, Tao and Yuan, Xiaohui},
  booktitle={Urban Intelligence and Applications},
  pages={3--13},
  year={2020},
  publisher={Springer}
}

@inproceedings{galuba2010outtweeting,
  title={Outtweeting the Twitterers --- Predicting Information Cascades in Microblogs},
  author={Galuba, Wojciech and Aberer, Karl and Chakraborty, Dipanjan and Despotovic, Zoran and Kellerer, Wolfgang},
  booktitle={3rd Workshop on Online Social Networks (WOSN 2010)},
  year={2010}
}